@article{firecrackerDoc,
  author = {AWS},
  title  = {https://github.com/firecracker-microvm/firecracker/blob/main/docs/getting-started.md},
  year   = {2018}
} 

@article{startVmInASecond,
  author = {Julia Evans},
  title  = {Firecracker: start a VM in less than a second},
  year   = {2021}
}

@article{firectl,
  author = {arun-gupta},
  title  = {Create Firecracker microVM using firectl},
  year   = {2022}
}

@article{codeExecution,
  author = {Stanislas},
  title  = {Using Firecracker and Go to run short-lived, untrusted code execution jobs},
  year   = {2021}
}
